% % % % % % % % % % % % % % % % % % % % % % % % % % % % %
%                                                       %
%  NOTE:                                                %
%  To save and re-compile the bib you have two options: %
%  - either click the 'save' symbol in the menu,        %
%  - or change to the *.tex-Tab and hit 'Strg + S'.     %
%  It's not possible to do this by hitting 'Strg + S'   %
%  directly inside the *.bib-Tab.                       %
%                                                       %
% % % % % % % % % % % % % % % % % % % % % % % % % % % % %

% !!!!!!!!!!!!!!!!!!!!!!!!!!!!!!!!!!!!!!!!!!!!!!!!!!!!!!!!!!!!!!
% !!                                                          !!
% !!  Umgang mit Online-Quellen:                              !!
% !!  - immer mit Angabe der Versions-URL zitieren, wenn      !!
% !!      versionierbar (= Permalink)                         !!
% !!  - unversionierte Quellen speichern und auf Datenträger  !!
% !!      mit abgeben                                         !!
% !!                                                          !!
% !!!!!!!!!!!!!!!!!!!!!!!!!!!!!!!!!!!!!!!!!!!!!!!!!!!!!!!!!!!!!!


@book{odersky2008.PIS,
    author = {Martin Odersky and Lex Spooner and Bill Venners},
    title = {{Programming in Scala}},
    publisher = {Artima Press},
    address = {Mountain View, California},
    year = {2008},
} % [Beuth: IRB]

@book{flanagan2011.JDG,
    author = {David Flanagan},
    title = {{JavaScript: The Definitve Guide}},
    publisher = {O'Reilly},
    address = {Sebastopol},
    year = {2011},
} % [Beuth: 40.13.16-6]

@book{crockford2008.JSG,
    author = {Douglas Crockford},
    title = {{JavaScript: The Good Parts}},
    publisher = {O'Reilly},
    address = {Sebastopol, California},
    year = {2008},
} % [Beuth: ISBR]

@book{stefanov2010.JSP,
    author = {Stoyan Stefanov},
    title = {{JavaScript Patterns}},
    publisher = {O'Reilly},
    address = {Sebastopol, California},
    year = {2010},
} % [Beuth: ISBS]

@book{martin2009.CCH,
    author = {Robert C. Martin},
    title = {{Clean Code. A Handbook of Agile Software Craftsmanship}},
    publisher = {Prentice Hall},
    address = {Boston},
    year = {2009},
} % [Beuth: 40.5.302][ZLB: Inf 426/53; Inf 428/15]

@book{hogan2011.HTM,
    author = {Brian P. Hogan},
    title = {{HTML5 \& CSS. Webentwicklung mit den Standards von morgen}},
    publisher = {O'Reilley},
    address = {Köln},
    year = {2011},
} % [ZLB: Inf 448 HTML 68][Beuth: 40.12.251]

@book{fiedler2011.ELS,
    author = {Thomas Fiedler and Christoph Knabe},
    title = {{Entwicklung von Web-Applikationen mit Lift und Scala}},
    publisher = {Shaker},
    address = {Aachen},
    year = {2011},
} % [Beuth: IRBB]

@book{piepmeyer2010.GFP,
    author = {Lothar Piepmeyer},
    title = {{Grundkurs funktionale Progammierung mit Scala}},
    publisher = {Shaker},
    address = {München},
    year = {2010},
} % [Beuth: ISBC]

@techreport{doeraene2013.TDI,
    author = {Sébastien Doeraene},
    title = {{Scala.js: Type-Directed Interoperability with Dynamically Typed Languages}},
   	institution = {École Polytechnique Fédérale de Lausanne},
    year = {2013},
   	note = {EPFL-REPORT-190834.},
   	url = {http://infoscience.epfl.ch/record/190834},
   	urldate = {2015-09-08},
} % Doeraene_2013_-_Scala.js._Type-Directed_Interoperability_with_Dynamically_Typed_Languages.pdf

@online{scalajs.org,
	%shorthand = {SJS},
    key = {scalajs.org},
    author = {Scala.js Website},
    %title = {{}},
    url = {http://www.scala-js.org/},
    urldate = {2015-09-08},
} % ggf. entsprechende Seite lokal speichern

@online{doeraene2015.SSP,
    key = {doeraene2015.SSP},
    author = {Sébastien Doeraene},
    title = {{Scala.js Semantics and how they support performance and JavaScript interop}},
    titleaddon = {Scala Days},
    month = {Juni},
    year = {2015},
    note = {Video und Vortragsfolien.},
    url = {https://www.parleys.com/tutorial/scala-js-semantics-how-support-performance-javascript-interop},
    urldate = {2015-09-08},
    addendum = {-- Video und Vortragsfolien.},
} % Doeraene_2015_-_Scala.js_Semantics_-_ScalaDays2015.pdf
%   TODO backup Video

@online{doeraene2014.WHB,
    key = {doeraene2014.WHB},
    author = {Sébastien Doeraene},
    title = {{Scala.js. What has it become, and how is it used?}},
    titleaddon = {Scala Days},
    month = {Juni},
    year = {2014},
    url = {https://www.parleys.com/tutorial/scala-js-what-has-become-how-used-wild},
    urldate = {2015-09-08},
    addendum = {-- Video und Vortragsfolien.},
} % Doeraene_2014_-_Scala.js._What_has_it_become._-_ScalaDays2014.pdf
%   TODO backup Video

@online{haoyi.HOS,
    key = {haoyi.HOS},
    author = {Li Haoyi},
    title = {{Hands-on Scala.js}},
    url = {http://lihaoyi.github.io/hands-on-scala-js/},
    urldate = {2015-09-08},
} % Websites/Haoyi_-_Hands-on_Scala.js/

@online{haoyi2015.WYM,
    key = {haoyi2015.WYM},
    author = {Li Haoyi},
    title = {{Why you might like Scala.js}},
    titleaddon = {Scala Days},
    month = {März},
    year = {2015},
    url = {https://www.parleys.com/tutorial/why-scala-js},
    urldate = {2015-09-08},
    addendum = {-- Video und Vortragsfolien.},
}

@inproceedings{bastin2014.SDM,
    author = {C{\'e}dric Bastin and Vlad Ureche and Martin Odersky},
    title = {ScalaDyno: Making Name Resolution and Type Checking Fault-tolerant},
    booktitle = {Proceedings of the Fifth Annual Scala Workshop},
    series = {SCALA '14},
    pages = {1-5},
    publisher = {ACM},
    address = {New York, NY},
    month = {Juli},
    year = {2014},
    note = {EPFL-CONF-200962.},
    doi = {10.1145/2637647.2637649},
    url = {http://infoscience.epfl.ch/record/200962},
    urldate = {2015-09-08},
}

@online{doeraene2013.WSB,
    key = {doeraene2013.WSB},
    author = {Sébastien Doeraene},
    title = {{Scala.js: Write in Scala for the Browser}},
    titleaddon = {Scala Days},
    month = {Juni},
    year = {2013},
    url = {http://lampwww.epfl.ch/~doeraene/presentations/scala-js-scaladays2013/},
    urldate = {2015-09-08},
    addendum = {-- Vortragsfolien.},
}

@article{doeraene2013.CSJ,
    key = {doeraene2013.CSJ},
    author = {Sébastien Doeraene},
    title = {{Compiling Scala to JavaScript with Scala.js.}},
    titleaddon = {{Interview mit Elliot Bentley.}},
    journal = {JAXenter},
    month = {Dezember},
    year = {2013},
    url = {https://jaxenter.com/interview-compiling-scala-to-javascript-with-scala-js-107247.html},
    urldate = {2015-09-08},
}





%%%%%%%%%%%%


@online{scala-lang2011.CSS,
    key = {scala-lang2011.CSS},
    author = {{Scala Website}},
    title = {{Commercial Support for Scala}},
    month = {Mai},
    year = {2011},
    url = {http://www.scala-lang.org/old/node/9484},
    urldate = {2015-10-18},
} % Scala_2011_-_Commercial_Support_for_Scala/Commercial Support for Scala _ The Scala Programming Language.htm

@online{scala-lang.ATS,
    key = {scala-lang.ATS},
    author = {{Scala Website}},
    title = {{A Tour of Scala}},
    url = {http://docs.scala-lang.org/tutorials/tour/tour-of-scala.html},
    urldate = {2015-10-18},
} % Scala_-_A_Tour_of_Scala/Introduction - Scala Documentation.htm

%@online{wikipedia.JS,
%	shorthand = {WJS},
%    key = {wikipedia.JS},
%    author = {{Wikipedia}},
%    title = {{JavaScript}},
%    url = {https://en.wikipedia.org/w/index.php?title=JavaScript&oldid=686634809},
%    urldate = {2015-10-20},
%}

%@online{w3c.WSH,
%    key = {w3c.WSH},
%    author = {W3C},
%    title = {{A Short History of JavaScript}},
%    url = {https://www.w3.org/community/webed/wiki/index.php?title=A_Short_History_of_JavaScript&oldid=2066},
%    urldate = {2015-10-28},
%}

@online{eich2010.KBE,
    key = {eich2010.KBE},
    author = {Brendan Eich},
    title = {{Kommentar zum Blog-Eintrag: Every day I learn something new... and stupid.}},
    month = {Oktober},
    year = {2010},
    url = {https://www.jwz.org/blog/2010/10/every-day-i-learn-something-new-and-stupid/#comment-1021},
    urldate = {2015-10-28},
} % Eich_2010_-_It_had_to_be_in_ten_days/jwz_ Every day I learn something new... and stupid..html
% -> Alternativ-Quelle: https://brendaneich.com/2011/06/new-javascript-engine-module-owner/

@online{eich1996.JSL,
    key = {eich1996.JSL},
    author = {Brendan Eich and C. Rand Mckinney},
    title = {{JavaScript Language Specification. Preliminary Draft}},
    month = {November},
    year = {1996},
    url = {http://hepunx.rl.ac.uk/~adye/jsspec11/intro.htm},
    urldate = {2015-10-20},
} % Eich_1996_-_JavaScript_Language_Specification/Introduction.html

@online{mdn.WWO,
    key = {mdn.WWO},
    author = {{Mozilla Developer Network}},
    title = {{Working with objects}},
    url = {https://developer.mozilla.org/en-US/docs/Web/JavaScript/Guide/Working_with_Objects$revision/928649},
    urldate = {2015-10-20},
}

@online{scalajs.DSS,
	%shorthand = {SJS},
    key = {scalajs.DSS},
    author = {{Scala.js Website}},
    title = {{Documentation: Semantics of Scala.js}},
    url = {http://www.scala-js.org/doc/semantics.html},
    urldate = {2015-10-21},
} % ScalaJS_-_Docs_-_Semantics_of_Scala.js/Semantics of Scala.js.htm

@online{mdn.XHR,
    key = {mdn.XHR},
    author = {{Mozilla Developer Network}},
    title = {{XMLHttpRequest}},
    url = {https://developer.mozilla.org/en-US/docs/Web/API/XMLHttpRequest$revision/938741},
    urldate = {2015-10-25},
}

@online{scala-js-dom.DOC,
    key = {scala-js-dom.DOC},
    author = {{Scala-js-dom}},
    title = {{Dokumentation}},
    url = {http://scala-js.github.io/scala-js-dom/},
    urldate = {2015-10-25},
} % Scala-js-dom_-_Docs/scala-js-dom.htm

@online{scalajs.ASJ,
    key = {scalajs.ASJ},
    author = {{Scala.js Website}},
    title = {{Announcing Scala.js 0.6.0-RC2}},
    month = {Januar},
    year = {2015},
    url = {http://www.scala-js.org/news/2015/01/23/announcing-scalajs-0.6.0-RC2/},
    urldate = {2015-10-26},
} % ScalaJS_2015_-_Announcing_Scala.js_0.6.0RC2/Announcing Scala.js 0.6.0-RC2.html

@online{doeraene2015.SNL,
    key = {doeraene2015.SNL},
    author = {Sébastien Doeraene},
    title = {{Scala.js no longer experimental}},
    month = {Februar},
    year = {2015},
    url = {http://www.scala-lang.org/news/2015/02/05/scala-js-no-longer-experimental.html},
    urldate = {2015-10-26},
} % Doeraene_2015_-_Scala.js_no_longer_experimental/Scala.js no longer experimental _ The Scala Programming Language.html

@online{w3techs.CLI,
    key = {w3techs.CLI},
    author = {{W3Techs - World Wide Web Technology Surveys}},
    title = {{Usage of client-side programming languages for websites}},
    month = {Oktober},
    year = {2015},
    url = {http://w3techs.com/technologies/overview/client_side_language/all},
    urldate = {2015-10-26},
} % W3Techs_-_Usage_client-side_languages.jpg

@online{w3techs.SRV,
    key = {w3techs.SRV},
    author = {{W3Techs - World Wide Web Technology Surveys}},
    title = {{Usage of server-side programming languages for websites}},
    month = {Oktober},
    year = {2015},
    url = {http://w3techs.com/technologies/overview/programming_language/all},
    urldate = {2015-10-26},
} % W3Techs_-_Usage_server-side_languages.jpg

@online{scalajs.DJI,
    key = {scalajs.DJI},
    author = {{Scala.js Website}},
    title = {{Documentation: JavaScript interoperability}},
    url = {http://www.scala-js.org/doc/js-interoperability.html},
    urldate = {2015-10-27},
} % ScalaJS_-_Docs_-_JavaScript interoperability/JavaScript interoperability.html

@online{scalajs.DCJ,
    key = {scalajs.DCJ},
    author = {{Scala.js Website}},
    title = {{Documentation: Calling JavaScript from Scala.js}},
    url = {http://www.scala-js.org/doc/calling-javascript.html},
    urldate = {2015-10-27},
} % ScalaJS_-_Docs_-_Calling JavaScript from Scala.js/Calling JavaScript from Scala.js.html

@online{scalajs.DEJ,
    key = {scalajs.DEJ},
    author = {{Scala.js Website}},
    title = {{Documentation: Export Scala.js APIs to JavaScript}},
    url = {http://www.scala-js.org/doc/export-to-javascript.html},
    urldate = {2015-10-27},
} % ScalaJS_-_Docs_-_ScalaJS_-_Docs_-_Export Scala.js APIs to JavaScript/Export Scala.js APIs to JavaScript.html

@online{scalajs.DCO,
    key = {scalajs.DCO},
    author = {{Scala.js Website}},
    title = {{Documentation: Compilation and optimization pipeline}},
    url = {http://www.scala-js.org/doc/internals/compile-opt-pipeline.html},
    urldate = {2015-10-28},
} % ScalaJS_-_Docs_-_Compilation and optimization pipeline/Compilation and optimization pipeline.html

@online{meijer2011.JLA,
    key = {meijer2011.JLA},
    author = {{Erik Meijer}},
    title = {{zitiert nach: Scott Hanselmann: JavaScript is Assembly Language for the Web: Sematic Markup is Dead! Clean vs. Machine-coded HTML}},
    month = {Juli},
    year = {2011},
    url = {http://www.hanselman.com/blog/JavaScriptIsAssemblyLanguageForTheWebSematicMarkupIsDeadCleanVsMachinecodedHTML.aspx},
    urldate = {2015-10-29},
} % Meijer_2011_-_JS_is_an_assebly_language/JavaScript is Assembly Language for the Web_ Sematic Markup is Dead! Clean vs. Machine-coded HTML - Scott Hanselman.html

@online{scalajs.SJT,
    key = {scalajs.SJT},
    author = {{Scala.js Website}},
    title = {{Scala.js Tutorial}},
    url = {http://www.scala-js.org/doc/tutorial.html},
    urldate = {2015-10-30},
} % ScalaJS_-_Tutorial/Scala.js Tutorial

@online{schinz2004.ASP,
    key = {schinz2004.ASP},
    author = {Michael Schinz},
    title = {{Announcement: The Scala Programming Language. In: <gmane.comp.lang.scala>}},
    month = {Januar},
    year = {2004},
    url = {http://article.gmane.org/gmane.comp.lang.scala/17},
    urldate = {2015-11-02},
} % Schinz_2004_-_Announcement_Scala/ANNOUNCEMENT_ The Scala Programming Language.html




%%%%%%%%%%
























































% % % % % % % % % % % % % % % % % % % % % % % % % % % % % % % %

% Dummy-Bibliographie

% % % % % % % % % % % % % % % % % % % % % % % % % % % % % % % %

%@online{aab.FBB,
%    key = {aab.FBB},
%    author = {Alba Abel},
%    title = {{Foo Bar and baz. This is without eggs}},
%    url = {http://www.avery-ver_veeeeery_verylongadddress_containing/lots/of/spam-spam-spam/index.spaml},
%    urldate = {2015-01-01}, 	% biblatex/biber
%    lastchecked = {01.01.2015},	% bibtex
%}
%
%@article{arisholm.EPP,
%    author = {Erik Arisholm and Hans Gallis and Tore Dyb\aa and Dag I.K. {Sj\o berg}},
%    title = {{Evaluating Pair Programming with Respect to System Complexity and Programmer Expertise}},
%    journal = {IEEE Transcactions on Software Engineering},
%    volume = {33},
%    number = {2},
%    month = {Februar},
%    year = {2007},
%    pages = {65-86},
%}
%
%@article{williams.SCP,
%    author = {Laurie Williams and Robert R. Kessler and Ward Cunningham and Ron Jeffries},
%    title = {{Strengthening the Case for Pair Programming}},
%    journal = {IEEE Software},
%    volume = {17},
%    number = {4},
%    month = {Juli/August},
%    year = {2000},
%    pages = {19-25},
%}
%
%@book{wolf.XP,
%	author = {Henning Wolf and Stefan Rook and Martin Lippert},
%	title = {{eXtreme Programming. Eine Einführung mit Empfehlungen und Erfahrungen aus der Praxis}},
%	publisher = {dpunkt.verlag},
%	address = {Heidelberg},
%	edition = {2.},
%	year = {2005},
%}
%
%@incollection{williams.ESE,
%    author = {Laurie Williams},
%    title = {{Pair Progamming}},
%    booktitle = {Encyclopedia of Software Engineering},
%    publisher = {Taylor and Francis Group},
%    note = {Im Druck},
%}
%
%@inproceedings{williams.IER,
%    author = {Laurie Williams and Anuja Shukla and Annie I. Antón},
%    title = {{An Initial Exploration of the Relationship Between Pair Programming and Brook's Law}},
%    booktitle = {Agile Development Conference},
%    year = {2004},
%    pages = {223-247},
%}
%
%@misc{walther.PP,
%    author = {Tilman Walther},
%    title = {{Pair Programming. Ausarbeitung im Rahmen des Seminars Agile Software Prozesse (Prof. Lutz Prechelt, Stephan Salinger)}},
%    publisher = {Pearson Studium},
%    school = {Freie Universität Berlin},
%    year = {2005},
%}
%
%@misc{ho.SDP,
%    author = {{Chih-wei} Ho and Somik Raha and Edward Gehringer and Laurie Williams},
%    title = {{Sangam - A Distributed Pair Programming Plug-in for Eclipse}},
%    note = {Submitted Draft. Eclipse Technology Exchange (Workshop) at the Object-Oriented Programming, Systems, Languages, and Applications (OOPSLA)},
%    year = {2004},
%}
%
%@phdthesis{lehnen.KTP,
%    author = {Katrin Lehnen},
%    title = {{Kooperative Textproduktion. Zur gemeinsamen Herstellung wissenschaftlicher Texte im Vergleich von ungeübten,
%    fortgeschrittenen und sehr geübten SchreiberInnen}},
%    school = {Universität Bielefeld},
%    year = {2000},
%}
%
%@techreport{baheti.DPP,
%	author = {Prashant Baheti and Laurie Williams and Edward Gehringer and David Stotts and Jason McC. Smith},
%	title = {{Distributed Pair Programming: Empirical Studies and Supporting Environments}},
%	institution = {Department of Computer Science, University of North Carolinaat Chapel Hill},
%	month = {März},
%	year = {2002},
%	note = {UNC-CH Technical Report TR02-010},
%}

%%%%%%%